@book{ciarlet2002finite,
  title={The finite element method for elliptic problems},
  author={Ciarlet, Philippe G},
  volume={40},
  year={2002},
  publisher={Siam}
}
